<?xml version="1.0" encoding="UTF-8"?><collection xmlns="http://www.loc.gov/MARC21/slim"><record><leader>00486nam--2200157-i-4500</leader><controlfield tag="001">000043758</controlfield><controlfield tag="002">20161230</controlfield><controlfield tag="005">20161230201044</controlfield><controlfield tag="008">060222s1000------------r-----000-0-eng-d</controlfield><datafield ind1=" " ind2=" " tag="080"><subfield code="a">517.512.2/4:62</subfield></datafield><datafield ind1=" " ind2=" " tag="100"><subfield code="a">Stuart, R.D</subfield></datafield><datafield ind1=" " ind2=" " tag="245"><subfield code="a">Introducere in analiza fourier cu aplicatii in tehnica. trad.din l.engleza dupa ed.a doua (1966)</subfield></datafield><datafield ind1=" " ind2=" " tag="260"><subfield code="a">Bucuresti, Ed.Tehnica, 1971, 136p</subfield></datafield><datafield ind1=" " ind2=" " tag="490"><subfield code="a">Seria Matematici Moderne Aplicate</subfield></datafield><datafield ind1=" " ind2=" " tag="852"><subfield code="a">34010</subfield><subfield code="c">517</subfield></datafield><datafield ind1=" " ind2=" " tag="CAT"><subfield code="a">Sys</subfield><subfield code="c">20080619</subfield><subfield code="h">100602</subfield></datafield></record></collection>